<record xmlns="http://www.loc.gov/MARC21/slim" xmlns:xsi="http://www.w3.org/2001/XMLSchema-instance" xsi:schemaLocation="http://www.loc.gov/MARC21/slim http://www.loc.gov/standards/marcxml/schema/MARC21slim.xsd"><leader>     nam a22        4500</leader><controlfield tag="001">3071300</controlfield><controlfield tag="003">NNC</controlfield><controlfield tag="006">m        d        </controlfield><controlfield tag="007">cr cn |||m|||a</controlfield><controlfield tag="008">150316s1907    xx      o     000 0 arar </controlfield><datafield ind1=" " ind2=" " tag="040"><subfield code="a">NNU</subfield><subfield code="b">eng</subfield><subfield code="c">NNU</subfield></datafield><datafield ind1="0" ind2="0" tag="050"><subfield code="a">BP174</subfield><subfield code="b">.I24 1907</subfield></datafield><datafield ind1="1" ind2=" " tag="100"><subfield code="6">880-01</subfield><subfield code="a">Ibn Taymi&#772;yah, Ah&#803;mad ibn &#699;Abd al-H&#803;ali&#772;m,</subfield><subfield code="d">1263-1328.</subfield></datafield><datafield ind1="0" ind2="0" tag="245"><subfield code="6">880-02</subfield><subfield code="a">Kita&#772;b iqtid&#803;a&#772;&#700; al-s&#803;ira&#772;t&#803; al-mustaqi&#772;m mukha&#772;lafat as&#803;h&#803;a&#772;b al-jah&#803;i&#772;m</subfield><subfield code="h">[electronic resource] /</subfield><subfield code="c">ta&#700;li&#772;f Taqi&#772; al-Di&#772;n Abi&#772; al-&#699;Abba&#772;s Ah&#803;mad ibn &#699;Abd al-H&#803;ali&#772;m ibn &#699;Abd al-Salla&#772;m ibn Taymi&#772;yah al-H&#803;ara&#772;ni&#772;.</subfield></datafield><datafield ind1="3" ind2="0" tag="246"><subfield code="6">880-03</subfield><subfield code="a">Iqtid&#803;a&#772;&#700; al-s&#803;ira&#772;t&#803; al-mustaqi&#772;m mukha&#772;lafat as&#803;h&#803;a&#772;b al-jah&#803;i&#772;m</subfield></datafield><datafield ind1=" " ind2=" " tag="250"><subfield code="6">880-04</subfield><subfield code="a">al-T&#803;ab&#699;ah 1.</subfield></datafield><datafield ind1=" " ind2=" " tag="260"><subfield code="a">[S.l. :</subfield><subfield code="b">s.n.],</subfield><subfield code="e">([al-Qa&#772;hirah] :</subfield><subfield code="f">al-Mat&#803;ba&#699;ah al-Shara&#772;fi&#772;yah),</subfield><subfield code="c">1907.</subfield></datafield><datafield ind1=" " ind2=" " tag="300"><subfield code="a">online resource (223 p.)</subfield></datafield><datafield ind1=" " ind2=" " tag="500"><subfield code="a">Part of the Arabic Collections Online (ACO) project, contributed by Columbia University Libraries.</subfield></datafield><datafield ind1=" " ind2=" " tag="533"><subfield code="a">Electronic reproduction.</subfield><subfield code="b">New York, N.Y. :</subfield><subfield code="c">New York University,</subfield><subfield code="d">2015.</subfield><subfield code="5">NNU</subfield></datafield><datafield ind1=" " ind2="0" tag="650"><subfield code="a">Islam</subfield><subfield code="x">Customs and practices.</subfield></datafield><datafield ind1=" " ind2="0" tag="650"><subfield code="a">Islamic heresies.</subfield></datafield><datafield ind1=" " ind2="0" tag="650"><subfield code="a">Islam</subfield><subfield code="x">Relations.</subfield></datafield><datafield ind1=" " ind2="7" tag="650"><subfield code="a">Islam</subfield><subfield code="x">Customs and practices.</subfield><subfield code="2">fast</subfield><subfield code="0">(OCoLC)fst00979785</subfield></datafield><datafield ind1=" " ind2="7" tag="650"><subfield code="a">Islam</subfield><subfield code="x">Relations.</subfield><subfield code="2">fast</subfield><subfield code="0">(OCoLC)fst00979825</subfield></datafield><datafield ind1=" " ind2="7" tag="650"><subfield code="a">Islamic heresies.</subfield><subfield code="2">fast</subfield><subfield code="0">(OCoLC)fst01730330</subfield></datafield><datafield ind1="2" ind2=" " tag="710"><subfield code="a">Columbia University.</subfield><subfield code="b">Libraries.</subfield></datafield><datafield ind1="0" ind2=" " tag="730"><subfield code="a">Arabic Collections Online.</subfield></datafield><datafield ind1="0" ind2="8" tag="776"><subfield code="i">Print version:</subfield><subfield code="a">Ibn Taymi&#772;yah, Ah&#803;mad ibn &#699;Abd al-H&#803;ali&#772;m, 1263-1328.</subfield><subfield code="t">Kita&#772;b iqtid&#803;a&#772;&#700; al-s&#803;ira&#772;t&#803; al-mustaqi&#772;m mukha&#772;lafat as&#803;h&#803;a&#772;b al-jah&#803;i&#772;m</subfield><subfield code="w">(NNC)3071300</subfield><subfield code="w">(DLC)   75588384 </subfield><subfield code="w">(OCoLC)21572898</subfield></datafield><datafield ind1="4" ind2="0" tag="856"><subfield code="u">http://hdl.handle.net/2333.1/95x69rj7</subfield></datafield><datafield ind1="1" ind2=" " tag="880"><subfield code="6">100-01/r</subfield><subfield code="a">&#1575;&#1576;&#1606; &#1578;&#1610;&#1605;&#1610;&#1577;&#1548; &#1571;&#1581;&#1605;&#1583; &#1576;&#1606; &#1593;&#1576;&#1583; &#1575;&#1604;&#1581;&#1604;&#1610;&#1605;.</subfield></datafield><datafield ind1="0" ind2="0" tag="880"><subfield code="6">245-02/r</subfield><subfield code="a">&#1603;&#1578;&#1575;&#1576; &#1575;&#1602;&#1578;&#1590;&#1575;&#1569; &#1575;&#1604;&#1589;&#1585;&#1575;&#1591; &#1575;&#1604;&#1605;&#1587;&#1578;&#1602;&#1610;&#1605; &#1605;&#1582;&#1575;&#1604;&#1601;&#1577; &#1575;&#1589;&#1581;&#1575;&#1576; &#1575;&#1604;&#1580;&#1581;&#1610;&#1605; /</subfield><subfield code="c">&#1578;&#1571;&#1604;&#1610;&#1601; &#1578;&#1602;&#1609; &#1575;&#1604;&#1583;&#1610;&#1606; &#1571;&#1576;&#1610; &#1575;&#1604;&#1593;&#1576;&#1575;&#1587; &#1571;&#1581;&#1605;&#1583; &#1576;&#1606; &#1593;&#1576;&#1583; &#1575;&#1604;&#1581;&#1604;&#1610;&#1605; &#1576;&#1606; &#1593;&#1576;&#1583; &#1575;&#1604;&#1587;&#1604;&#1575;&#1605; &#1576;&#1606; &#1578;&#1610;&#1605;&#1610;&#1577; &#1575;&#1604;&#1581;&#1585;&#1575;&#1606;&#1610;.</subfield></datafield><datafield ind1="3" ind2="0" tag="880"><subfield code="6">246-03/r</subfield><subfield code="a">&#1575;&#1602;&#1578;&#1590;&#1575;&#1569; &#1575;&#1604;&#1589;&#1585;&#1575;&#1591; &#1575;&#1604;&#1605;&#1587;&#1578;&#1602;&#1610;&#1605; &#1605;&#1582;&#1575;&#1604;&#1601;&#1577; &#1575;&#1589;&#1581;&#1575;&#1576; &#1575;&#1604;&#1580;&#1581;&#1610;&#1605;</subfield></datafield><datafield ind1=" " ind2=" " tag="880"><subfield code="6">250-04/r</subfield><subfield code="a">&#1575;&#1604;&#1591;&#1576;&#1593;&#1577; &#1633;.</subfield></datafield><datafield ind1=" " ind2=" " tag="880"><subfield code="6">260-00/r</subfield><subfield code="a">[&#1575;&#1604;&#1602;&#1575;&#1607;&#1585;&#1577;] :</subfield><subfield code="b">&#1575;&#1604;&#1605;&#1591;&#1576;&#1593;&#1577; &#1575;&#1604;&#1588;&#1585;&#1601;&#1610;&#1577;&#1548;</subfield><subfield code="c">1320.</subfield></datafield><datafield ind1=" " ind2=" " tag="959"><subfield code="a">NNU</subfield><subfield code="b">WEB</subfield><subfield code="c">GENI</subfield><subfield code="t">0</subfield><subfield code="m">Electronic access</subfield><subfield code="s">01</subfield></datafield><datafield ind1=" " ind2=" " tag="999"><subfield code="i">NNC_3071300</subfield><subfield code="o">(OCoLC)ocm21572898 </subfield><subfield code="s">columbia_aco000348</subfield><subfield code="e">(ERROR-880)</subfield></datafield></record>